4534 6517
1169 370 1206 434 X

463 521 576 602 Atque
593 487 918 593 utdemonstrarem,
943 518 1090 604 linguam
1113 520 1272 604 persicam
1298 543 1373 585 cum
1399 518 1677 603 indogermanicis
1701 516 1822 603 linguis
1840 541 1913 583 esso
1930 542 2010 605 cog-

363 648 490 712 natam,
517 660 559 701 ex
577 637 726 721 cognatis
741 635 880 720 linguis,
906 636 1065 719 imprimis
1082 636 1256 710 senserim,
1284 636 1423 699 zendica
1439 649 1471 699 et
1496 634 1669 719 pehlevica
1685 656 1785 698 voces
1803 636 1939 720 persicis
1956 659 2010 702 re·

364 753 570 840 spondentes,
596 765 753 836 qnantum
770 752 805 815 id
822 774 882 837 per
899 751 1096 826 adiumenta,
1120 773 1206 834 qnae
1222 750 1331 816 adhuc
1348 763 1485 825 exstant,
1510 752 1581 815 fieri
1598 750 1702 827 licuit,
1726 751 1890 835 indagare
1901 752 2011 818 studui

364 869 454 933 etad
474 868 728 955 comparandum
747 869 895 954 apposui.
939 865 1051 945 Quum
1070 878 1180 932 antem
1198 879 1230 931 et
1245 867 1360 953 lingua
1376 867 1513 932 zendica
1531 880 1562 930 et
1580 866 1739 931 dialectos
1757 868 1912 944 iranicae,
1937 869 2010 951 qui·

365 984 427 1048 bus
451 986 581 1070 persica
606 985 721 1071 lingua
744 995 899 1068 tanquam
924 982 1139 1048 fundamento
1163 985 1291 1058 nititur,
1317 1006 1426 1067 neque
1451 1004 1584 1070 prorsus
1611 982 1780 1067 cognitae,
1806 1005 1915 1067 neque
1933 987 2011 1049 satis

365 1100 553 1186 exploratae
571 1113 604 1165 et
620 1113 810 1186 perspectae
827 1102 901 1174 sint,
926 1098 1156 1164 difficillimum
1173 1112 1231 1176 est,
1256 1121 1368 1165 omnes
1387 1122 1483 1164 voces
1500 1101 1645 1185 persicas
1661 1099 1703 1164 ad
1721 1122 1834 1163 veram
1852 1101 2012 1185 originem

365 1239 495 1303 semper
511 1217 645 1281 referre.
688 1215 766 1295 Qua
783 1217 825 1280 de
843 1237 960 1281 caussa
977 1218 1075 1280 etiam
1091 1217 1224 1282 minime
1241 1216 1337 1280 nobis
1354 1217 1482 1280 crimini
1499 1216 1693 1280 vertendum
1710 1216 1850 1293 videtur,
1875 1217 1903 1280 si
1920 1238 2011 1281 com·

365 1333 492 1420 paratio
519 1356 538 1396 a
562 1333 658 1398 nobis
683 1334 830 1396 instituta
854 1351 963 1416 neque
987 1354 1117 1417 semper
1141 1332 1312 1420 probanda
1337 1344 1401 1409 est,
1427 1354 1536 1416 neque
1560 1331 1603 1395 ad
1627 1353 1740 1396 omnes
1764 1333 1895 1398 omnino
1913 1355 2012 1398 voces

364 1450 509 1535 persicas
526 1450 676 1535 pertinet,
704 1471 804 1532 quum
822 1450 894 1534 ipsa
911 1448 1108 1521 adiumenta,
1135 1451 1255 1534 quibus
1276 1449 1419 1513 studium
1438 1448 1693 1534 etymologicum
1710 1425 1859 1533 persicae
1876 1449 2011 1535 linguae

365 1566 493 1640 nititur,
519 1567 546 1628 si
564 1587 629 1629 non
647 1567 779 1629 omnino
796 1565 894 1630 hodie
911 1565 1083 1638 deliciunt,
1108 1585 1174 1629 non
1191 1567 1269 1630 satis
1285 1576 1393 1629 tamen
1411 1577 1525 1649 parata
1542 1567 1615 1628 sint

466 1680 578 1745 Verba
595 1703 681 1765 quae
699 1682 852 1746 dicuntur
869 1682 1005 1746 zendica
1023 1693 1054 1744 et
1071 1682 1269 1767 pauendica‚
1295 1684 1330 1745 in
1345 1681 1461 1745 lexicis
1480 1678 1550 1784 &bt
1565 1683 1657 1779 ij
1684 1691 1716 1744 et
1732 1682 1811 1780 ,api
1828 1692 1911 1752 w
1928 1684 2013 1747 inter

366 1800 498 1884 persica
521 1797 634 1873 allata,
661 1807 825 1863 auctorem
850 1799 948 1863 lexici
972 1781 1146 1892 455&sp
1171 1793 1278 1893 &ap
1301 1811 1450 1870 secutus,
1476 1800 1511 1861 in
1536 1797 1718 1883 appendice
1746 1798 1905 1882 singulari
1922 1821 2011 1863 ccm-

366 1917 477 2001 posui,
503 1915 592 1998 quod
613 1937 680 1978 non
705 1914 747 1979 ad
769 1916 985 1980 recentiorem
1001 1914 1149 1999 linguam
1166 1916 1345 2000 persicam,
1372 1915 1430 1978 sed
1448 1914 1489 1977 ad
1508 1915 1724 1996 antiquiorem
1743 1912 1920 1978 dialectum
1936 1937 2012 2000 per·

367 2032 485 2107 sicam,
511 2033 685 2094 maximam
711 2043 836 2117 partem
863 2031 1068 2116 pehlevicam
1095 2031 1266 2117 pertinent.
1317 2027 1402 2095 Sunt
1428 2041 1536 2094 autem
1560 2031 1630 2096 fere
1652 2030 1785 2106 eadem,
1812 2053 1897 2114 quae
1914 2031 2012 2096 etiam

366 2145 525 2231 Anquetil
541 2146 585 2211 dn
602 2144 728 2211 Perron
745 2149 780 2211 in
797 2146 1047 2212 Zend-Avesta
1062 2168 1123 2212 suo
1140 2149 1263 2220 attulit,
1287 2147 1329 2211 de
1346 2148 1466 2231 quibus
1483 2149 1517 2211 in
1534 2149 1607 2233 ipso
1631 2147 1800 2232 prooemio
1820 2146 2013 2231 appendicis

367 2264 468 2327 nostri
485 2263 620 2327 uberius
638 2273 670 2326 et
686 2263 793 2327 fusius
810 2264 1058 2351 disputavimus.

466 2377 578 2463 Atque
603 2378 685 2444 baec
711 2381 843 2463 quidem
869 2381 1037 2446 hactenus.
1098 2379 1230 2457 Restat,
1262 2391 1298 2445 ut
1322 2390 1415 2465 grato
1442 2380 1550 2446 animo
1576 2380 1764 2465 praedicem
1791 2378 2012 2445 bibliothecae

367 2494 605 2580 magnidncalis
629 2495 923 2572 Darmstadiensis,
949 2496 1153 2562 Academiae
1178 2493 1361 2572 Gissensis,
1387 2495 1571 2562 Bonnensis
1595 2496 1638 2561 al.
1657 2496 1827 2561 custodum
1853 2499 2012 2560 summam

367 2612 600 2675 humanitatem
618 2622 650 2676 et
666 2612 945 2691 benevolentiam,
970 2634 1036 2695 qua
1053 2614 1148 2698 copia
1165 2611 1244 2678 mihi
1263 2611 1339 2677 data
1355 2623 1420 2688 est,
1446 2613 1596 2697 persicae
1612 2611 1748 2696 linguae
1765 2613 1872 2677 fontes
1889 2612 2011 2697 prima-

367 2729 433 2792 rios
450 2740 483 2792 et
499 2729 681 2792 rarissimos
698 2729 926 2793 nansciscendi
943 2740 975 2794 et
992 2730 1027 2792 in
1043 2728 1143 2794 lexici
1160 2728 1261 2793 nostri
1276 2750 1371 2792 usum
1385 2728 1607 2794 convertendi.
1653 2724 1788 2791 Gratiae
1802 2728 1900 2792 etiam
1914 2750 2011 2812 quam

367 2845 530 2908 maximae
548 2843 696 2928 agendae
713 2854 787 2908 sunt
804 2857 837 2908 et
853 2846 931 2909 viris
948 2845 1082 2929 linguae
1099 2845 1247 2930 persicae
1265 2845 1469 2930 peritissimis
1487 2857 1528 2918 et,
1546 2846 1603 2929 qui
1617 2845 1733 2910 studiis
1746 2844 1877 2908 omnino
1891 2846 2013 2922 favent,

367 2982 476 3024 rerum
495 2958 700 3046 publicarum
717 2959 975 3024 moderatoribus
993 2960 1209 3044 omnibusque
1226 2962 1306 3024 viris
1323 2960 1444 3036 doctis,
1471 2964 1528 3045 qni
1544 2983 1671 3026 summa
1695 2960 1889 3027 liberalitate
1905 2961 2011 3028 nomi-

369 3075 431 3139 bus
455 3077 646 3163 subscriptis
668 3076 904 3162 perfectionem
925 3076 1023 3142 huius
1048 3079 1156 3164 operis
1180 3079 1346 3143 literarum
1363 3099 1498 3152 caussa,
1524 3089 1682 3163 qnantum
1697 3088 1891 3165 potuerunt,
1917 3077 2011 3141 adiu·

369 3207 495 3255 verunt.

471 3583 619 3651 Gissae
646 3585 694 3650 ld.
721 3583 799 3651 dun.
827 3584 1065 3652 MDCCCLV.

1276 4075 1373 4158 Dr.
1400 4073 1446 4156 Ι.
1474 4076 1539 4157 Α.
1573 4075 1813 4166 Vullers,

1070 4200 1139 4251 Prot.
1157 4201 1185 4250 P.
1204 4200 1236 4251 0.
1256 4201 1317 4250 Litt.
1337 4201 1434 4251 Orient.
1453 4204 1478 4250 in
1498 4201 1668 4251 Universitate
1687 4200 1867 4251 Lndovictsna
1885 4202 2012 4251 Gissensi.
