4534 6517
886 1550 1258 1650 Praefatio.

350 1913 462 1994 Quum
479 1915 621 1980 studium
638 1914 770 2001 linguae
787 1904 936 2004 persicae
958 1920 1095 2004 eiusque
1121 1917 1334 1982 dialectorum
1359 1920 1476 1983 nostris
1502 1920 1659 2004 imprimis
1685 1921 1887 2007 temporibus

250 2053 386 2117 magnos
402 2031 568 2118 profectus
584 2031 699 2097 fecerit
716 2044 812 2117 atque
830 2034 969 2099 maxime
987 2036 1020 2099 in
1039 2035 1158 2122 vulgus
1176 2034 1296 2099 editum
1316 2037 1366 2110 sit,
1391 2059 1543 2122 magnum
1562 2036 1762 2101 desiderium
1780 2053 1885 2103 ortum

248 2159 313 2222 est,
338 2162 374 2212 nt
389 2148 520 2214 lexicon
537 2149 682 2215 eiusdem
698 2149 832 2236 linguae
849 2151 1058 2227 conderetur,
1084 2152 1171 2237 quod
1188 2152 1306 2216 nostris
1322 2152 1487 2216 literarum
1505 2156 1731 2239 progressibus
1748 2176 1883 2241 respon-

249 2264 351 2331 deret,
400 2266 512 2351 Atque
538 2288 735 2352 quamquam
760 2267 869 2334 lexica
892 2269 1026 2355 linguae
1050 2270 1200 2356 persicae
1224 2266 1421 2346 aCastellc,
1447 2267 1613 2334 Meninski
1631 2281 1664 2335 et
1680 2268 1885 2336 Richardson
1973 2333 1976 2340 .

251 2383 305 2445 vel
319 2379 467 2448 Johnson
486 2385 663 2471 composita
680 2397 817 2462 exstant,
834 2407 899 2450 non
915 2399 1033 2463 tamen,
1052 2408 1152 2471 quum
1170 2388 1274 2472 magis
1291 2386 1333 2450 ad
1350 2409 1442 2450 usum
1461 2407 1558 2470 quam
1576 2386 1619 2451 ad
1636 2399 1737 2451 artem
1752 2388 1886 2454 redacta

251 2500 322 2575 sint,
337 2522 448 2584 neque
464 2524 504 2565 ea
521 2501 691 2587 diligentia
706 2513 740 2567 et
755 2505 852 2589 copia
868 2503 1017 2569 conseaa
1033 2515 1117 2581 sunt,
1135 2524 1220 2588 quae
1237 2503 1308 2567 iure
1326 2504 1367 2567 ab
1386 2505 1433 2568 eis
1450 2503 1639 2588 postuletur,
1656 2526 1764 2589 neque
1783 2505 1884 2569 solam

249 2619 424 2702 genuinam
451 2619 595 2704 lingnam
620 2621 781 2707 persicam
807 2632 963 2707 spectant.
1013 2618 1111 2700 Quae
1128 2621 1215 2685 enim
1239 2622 1274 2684 in
1291 2620 1355 2684 illis
1372 2620 1525 2706 leguntur
1542 2609 1795 2706 significationes
1813 2623 1884 2687 sine

249 2734 316 2799 ullo
333 2735 447 2800 ordine
463 2748 496 2800 et
511 2736 699 2802 discrimine
716 2749 791 2801 snnt
807 2737 982 2824 dispositae
1000 2749 1032 2802 et
1049 2737 1159 2802 multis
1176 2739 1340 2802 erroribus
1356 2738 1572 2813 intermixtae,
1588 2760 1688 2823 saepe
1705 2739 1802 2801 etiam
1819 2760 1884 2803 non

247 2852 291 2916 ad
316 2854 476 2939 persicam
502 2853 562 2918 sed
587 2853 726 2919 alienam
752 2854 915 2939 linguam,
940 2855 1010 2919 sive
1029 2853 1191 2918 arabicam
1210 2856 1280 2919 sive
1297 2858 1453 2919 turcicum
1471 2856 1541 2919 sive
1558 2855 1655 2919 aliam
1673 2855 1835 2941 pertinent
1852 2868 1884 2921 et

248 2972 380 3034 omnino
396 2990 462 3034 non
477 2971 623 3036 nituntur
639 2974 830 3038 auctoritate
847 2955 1038 3057 scriptorum
1056 2972 1257 3056 persicorum
1275 2972 1327 3036 vel
1343 2970 1481 3036 fontium
1499 2971 1574 3049 fide,
1592 2995 1633 3036 ex
1649 2993 1714 3056 qua
1729 2975 1883 3058 cognosci

248 3088 366 3171 possit,
391 3088 662 3173 significationem
685 3110 756 3153 esse
774 3112 884 3154 reram
901 3088 955 3154 vel
964 3088 1121 3175 exemplo
1138 3088 1318 3174 probatam.
1369 3086 1545 3153 Praeterea
1564 3111 1663 3173 quum
1681 3100 1813 3176 propter
1829 3111 1883 3154 ra-

246 3203 386 3281 ritatem,
405 3215 474 3269 tum
490 3216 622 3292 propter
637 3206 773 3272 nimium
789 3207 929 3293 pretium
945 3227 1010 3270 non
1028 3206 1177 3269 omnibus
1194 3215 1315 3291 patent.
1358 3203 1471 3286 Quare
1489 3207 1553 3269 iam
1573 3205 1681 3270 multis
1697 3218 1772 3271 ante
1790 3207 1884 3271 annis

245 3322 323 3386 novi
340 3321 440 3386 lexici
455 3322 575 3407 persici
591 3320 785 3387 conficiendi
802 3321 974 3386 consilinm
991 3322 1080 3408 cepi,
1106 3322 1161 3385 cui
1178 3324 1225 3385 rei
1243 3323 1307 3386 iam
1326 3321 1458 3387 multam
1476 3344 1609 3407 operam
1627 3323 1798 3398 dederam;
1824 3323 1882 3387 sed

246 3459 346 3523 quum
364 3450 499 3525 propter
513 3439 630 3503 nimias
647 3438 872 3515 difficultates,
898 3460 983 3522 quae
1000 3440 1034 3502 in
1051 3439 1276 3523 componendo
1294 3439 1454 3504 eiusmodi
1472 3460 1570 3525 opere
1588 3439 1779 3504 subeundae
1797 3451 1881 3515 suut,

245 3567 314 3620 tnm
338 3554 426 3640 qnod
449 3556 664 3619 institutiones
686 3554 820 3641 linguae
843 3551 1030 3643 persicae¹)
1056 3558 1147 3641 prius
1164 3557 1198 3619 in
1214 3531 1382 3642 publidum
1399 3557 1497 3620 edere
1515 3567 1709 3634 statueram,
1734 3579 1803 3621 rem
1821 3557 1880 3621 ad·

246 3672 311 3736 buc
337 3673 371 3735 in
396 3671 590 3736 secundiora
614 3685 761 3758 tempora
786 3671 999 3736 differendam
1024 3674 1148 3737 censui.
1192 3670 1340 3739 Tandem
1357 3673 1507 3738 maximis
1523 3672 1692 3738 laboribus
1709 3673 1882 3740 exantlatis

245 3790 308 3855 boc
324 3790 484 3854 maiorum
501 3787 687 3874 vigiliarum
704 3810 787 3873 opus
804 3810 889 3854 anno
905 3784 1153 3854 MDOCOLIII
1172 3791 1260 3875 typis
1282 3790 1511 3855 excudendum
1529 3793 1658 3864 curavi,
1684 3791 1777 3855 cuius
1794 3795 1884 3877 prior

244 3930 336 3994 pars,
361 3919 532 3995 postquam
557 3919 623 3970 tres
648 3906 774 3992 priores
799 3906 949 3973 fasciculi
974 3908 1109 3992 paribus
1135 3908 1246 3993 spatiis
1263 3907 1326 3970 iam
1344 3907 1464 3992 singuli
1482 3907 1560 3972 editi
1577 3922 1667 3981 sunt,
1692 3929 1779 3973 nunc
1796 3911 1881 3997 typis

246 4026 410 4109 exscripta
432 4023 552 4110 prodit.

343 4139 456 4225 Atque
470 4139 639 4206 consilium
654 4139 797 4224 quidem,
815 4140 904 4225 quod
916 4142 949 4206 in
963 4141 1166 4206 conficiendo
1184 4162 1283 4227 opere
1300 4153 1431 4206 secutus
1448 4163 1530 4216 sum,
1546 4162 1665 4206 nomen
1682 4139 1757 4204 libri
1774 4141 1882 4227 ipsum

244 4256 376 4323 iudicat
421 4254 489 4324 Sed
513 4280 612 4342 quum
630 4266 738 4322 tamen
755 4258 850 4345 plura
865 4259 944 4332 sint,
969 4279 1054 4341 quae
1080 4257 1138 4320 vix
1162 4260 1294 4324 nomine
1319 4260 1392 4346 ipsc
1418 4257 1493 4322 libri
1521 4259 1598 4322 satis
1624 4257 1761 4323 indicari
1786 4280 1882 4344 posse

244 4375 432 4452 videantur,
458 4373 546 4459 quod
562 4378 704 4439 rationes
721 4373 817 4438 simul
835 4373 1048 4460 exponendae
1066 4384 1154 4449 sunt,
1181 4395 1262 4457 quas
1279 4375 1314 4436 in
1331 4397 1370 4439 eo
1388 4386 1519 4438 secutus
1536 4396 1626 4449 sum,
1652 4374 1751 4460 paulo
1769 4375 1881 4461 copio-

243 4495 310 4558 sius
335 4515 376 4558 ea
401 4491 443 4556 de
469 4514 505 4555 re
530 4490 705 4555 dicendum
731 4492 853 4578 putavi.

342 4605 454 4688 Quum
471 4606 585 4695 lingna
601 4609 729 4695 persica
745 4631 785 4672 ex
803 4630 843 4673 eo
859 4619 1016 4693 tempore,
1033 4628 1099 4692 quo
1116 4607 1287 4693 imperium
1301 4607 1463 4693 persicum
1477 4609 1511 4670 in
1524 4618 1716 4692 potestatem
1731 4606 1879 4673 Arabum

241 4726 347 4801 venit,
373 4747 523 4811 magnam
549 4737 674 4812 partem
701 4726 873 4790 verborum
896 4724 1030 4811 linguae
1056 4723 1208 4789 arabicae
1232 4725 1409 4810 receperit,
1435 4724 1463 4787 is
1490 4724 1545 4807 qui
1571 4723 1704 4809 linguae
1731 4727 1881 4811 persicae

240 4843 454 4929 peritissimus
481 4855 545 4918 est,
572 4843 736 4908 arabicam
763 4863 892 4927 quoque
917 4841 1062 4927 linguam
1087 4853 1238 4907 accurate
1263 4862 1461 4926 cognoscere
1479 4840 1586 4905 debet
1637 4837 1754 4924 Neque
1771 4854 1880 4908 tamen

195 5009 199 5015 .
239 4959 408 5026 vocabula
427 4961 485 5024 illa
510 4961 641 5025 arabica
666 4972 798 5046 propter
823 4971 1047 5045 paupertatem
1072 4959 1206 5044 linguae
1231 4957 1377 5043 persicae
1401 4969 1475 5021 sunt
1495 4972 1644 5042 recepta,
1672 4957 1730 5022 sed
1747 4961 1880 5024 nomina

187 5156 191 5162 ἱ
238 5097 283 5141 ex
309 5078 441 5142 arabica
465 5077 579 5163 lingua
605 5077 705 5163 petita
731 5076 904 5140 maximam
930 5087 1053 5161 partem
1078 5075 1160 5139 nihil
1186 5087 1259 5139 sunt
1283 5073 1346 5138 nisi
1372 5096 1551 5161 synonyma
1574 5073 1708 5159 linguae
1725 5076 1879 5161 persicae

237 5209 338 5279 atque
364 5195 417 5258 vel
444 5195 546 5259 maior
571 5192 625 5257 vel
650 5193 755 5257 minor
781 5214 893 5258 eorum
918 5215 998 5258 usus
1023 5215 1122 5277 quum
1147 5165 1193 5257 bx
1217 5190 1286 5255 solo
1312 5193 1444 5286 arbitrio
1462 5191 1656 5277 scriptorum
1673 5192 1876 5277 persicorum

235 5312 371 5399 pendet,
396 5323 464 5376 tum
483 5333 524 5375 ex
542 5311 724 5395 antiquiore
741 5310 795 5375 vel
810 5311 991 5375 recentiore
1009 5322 1131 5385 aetam,
1159 5330 1224 5393 qua
1242 5309 1266 5371 ii
1283 5309 1445 5372 vixerunt
1488 5305 1700 5394 Quapropter
1716 5306 1875 5374 eiusmodi

234 5428 385 5504 lexicon,
411 5427 499 5512 quod
517 5425 558 5491 ad
576 5428 749 5514 scriptores
766 5428 911 5512 persicos
929 5438 1016 5490 recte
1033 5425 1262 5512 intelligendos
1282 5426 1468 5501 satisfaciat,
1494 5448 1554 5511 per
1570 5448 1605 5489 se
1623 5439 1726 5489 totum
1744 5425 1876 5488 thesau-

341 5750 360 5808 ¹)
378 5746 483 5798 Ioannis
500 5747 611 5812 Augusti
627 5745 729 5797 anlers
750 5746 922 5797 institutiones
945 5744 1051 5809 linguae
1074 5747 1189 5809 persicae
1212 5759 1271 5795 cum
1289 5747 1413 5796 unauna
1430 5754 1457 5796 et
1474 5745 1580 5795 madias
1603 5743 1691 5808 lingua
1708 5753 1878 5809 comparatae,

232 5842 299 5885 ton.
317 5832 330 5883 1
347 5832 438 5883 (linae
458 5836 531 5896 1840,
549 5843 611 5885 tom.
631 5832 656 5884 Π
673 5833 788 5896 araxis
805 5841 833 5882 et
848 5846 890 5882 ars
907 5832 1014 5882 metrica
1032 5830 1178 5893 Persarum,
1196 5829 1287 5882 Gissae
1307 5833 1380 5893 1850,
1400 5834 1436 5883 8⁰.
