4534 6517
1197 375 1281 441 VIII

419 540 541 626 quibus
557 537 677 601 multae
695 555 792 598 voces
809 532 957 619 persicae
980 531 1013 594 in
1037 529 1101 594 illis
1118 529 1210 594 libris
1228 540 1402 616 usurpatae
1420 544 1504 606 sunt,
1522 530 1661 596 afferens
1675 545 1707 597 et
1719 535 1808 620 ipsos
1827 537 1982 604 terminos
1995 540 2059 604 illis

420 660 569 746 proprios
594 664 744 718 accurate
773 651 953 724 illustrans;
979 647 1038 712 sed
1055 669 1155 732 quum
1173 646 1259 710 idem
1277 646 1486 732 glossarium,
1512 669 1578 732 quo
1595 672 1674 714 usus
1692 662 1742 715 est
1757 651 1857 717 lexici
1873 656 1917 718 B.
1936 667 2058 733 auctor,

420 777 504 840 libro
523 774 654 839 Desitir
671 769 832 835 adiectum
850 767 892 831 sit
905 761 944 854 7),
970 766 1031 832 hoc
1056 785 1186 848 quoque
1210 764 1402 849 opusculum
1427 766 1460 828 in
1477 765 1606 831 lexicon
1624 790 1730 832 meum
1748 774 1876 857 recepi,
1904 770 2058 858 illiusque

421 916 538 957 vocum
562 889 857 974 interpretationem
880 882 1075 948 00100110
1091 884 1170 946 Des.
1189 882 1341 954 instruxi,
1368 903 1433 966 quo
1458 882 1596 948 lectores
1622 899 1837 971 cognoscant,
1865 910 1978 953 vocem
2004 893 2057 957 vel

418 1010 691 1097 significationem
709 1026 780 1068 esse
798 1003 961 1067 idiomatis
978 997 1143 1064 Saliorum
1160 998 1340 1082 indicorum
1361 1001 1535 1087 propriam.

521 1124 565 1190 II.
592 1121 763 1189 Secundus
780 1120 853 1184 sons
870 1119 1043 1206 primarius
1061 1117 1157 1180 lexici
1174 1116 1238 1178 mei
1256 1120 1391 1201 persici,
1418 1118 1459 1181 ab
1483 1120 1633 1183 omnibus
1658 1120 1898 1209 lexicographis
1925 1146 2056 1211 prorsus

420 1245 528 1309 adhuc
545 1242 731 1327 neglectus,
758 1249 833 1303 sunt
849 1239 1021 1321 scriptores
1038 1237 1158 1321 persici
1175 1234 1254 1320 ipsi,
1280 1255 1418 1318 quorum
1438 1250 1590 1300 accurato
1608 1260 1647 1301 ac
1665 1237 1812 1322 diligenti
1830 1242 1936 1306 studio
1955 1243 2054 1309 effec-

420 1374 489 1426 tum
507 1371 570 1434 est,
594 1369 631 1421 ut
647 1356 900 1442 significationes
918 1354 1130 1439 plurimorum
1148 1352 1321 1415 verborum
1339 1363 1371 1415 et
1388 1374 1511 1436 augere
1534 1368 1567 1416 et
1588 1335 1779 1419 testimoniis
1805 1360 1998 1424 confirmare
2024 1373 2057 1425 et

421 1479 574 1544 certiores
591 1475 730 1540 reddere
747 1494 885 1559 possem.
929 1469 1006 1550 Quo
1022 1471 1058 1533 in
1073 1470 1206 1553 negotio
1223 1470 1364 1532 maxime
1382 1469 1479 1532 etiam
1498 1468 1626 1534 adiutus
1639 1493 1710 1545 sum
1729 1485 1760 1536 et
1776 1474 1952 1559 glossariis,
1971 1502 2055 1564 quae

421 1594 677 1663 chrestomathiis
703 1593 838 1680 persicis
864 1589 992 1652 adiecta
1016 1597 1091 1651 sunt
1122 1599 1155 1650 et
1179 1585 1338 1671 glossario
1370 1587 1495 1671 persice
1529 1590 1667 1674 scripto,
1704 1601 1790 1655 tomo
1825 1590 1871 1655 IV
1904 1595 2054 1661 editionis

422 1710 650 1779 Schahnameh
667 1708 794 1773 Turner
810 1699 983 1791 Macaui⁸)
1003 1704 1130 1779 addito,
1156 1704 1190 1767 in
1214 1725 1279 1787 quo
1301 1703 1421 1767 multae
1438 1726 1551 1778 voces,
1577 1706 1829 1790 significationes
1848 1721 1881 1773 et
1897 1712 2054 1780 dictiones

420 1832 561 1897 sermoni
587 1797 762 1912 antiquiori
787 1826 894 1911 operis
920 1820 1174 1885 Schalrnamiani
1199 1821 1349 1907 propriae
1376 1833 1408 1885 et
1434 1834 1585 1886 accurate
1609 1821 1809 1889 illustrentur
1825 1838 1857 1890 et
1874 1828 1962 1894 haud
1979 1853 2053 1898 raro

420 1971 517 2011 versu
541 1946 594 2010 vel
611 1942 814 2008 hemistichio
838 1964 880 2004 ex
897 1941 980 2004 libro
997 1938 1053 2002 illo
1077 1937 1348 2003 excellentissimo
1367 1939 1514 2002 desumto
1532 1941 1771 2005 confirmantur.
1814 1942 1927 2023 Quum
1945 1958 2053 2013 autem

420 2068 561 2130 maxima
578 2063 769 2149 scriptorum
795 2061 995 2145 persicorum
1022 2077 1097 2142 pars
1119 2054 1263 2119 nondum
1281 2055 1314 2118 in
1332 2055 1450 2140 vulgus
1467 2056 1555 2120 edita
1571 2057 1627 2133 sit,
1653 2080 1752 2145 saepe
1770 2061 1811 2125 ad
1829 2065 2051 2150 exemplorum

420 2184 564 2269 copiam,
590 2203 686 2265 quam
705 2202 745 2242 ex
763 2178 855 2241 libris
873 2175 1046 2238 maximam
1069 2184 1192 2259 partem
1217 2172 1352 2258 poeticis
1369 2170 1544 2237 Persarum
1563 2175 1788 2241 deaumserunt
1805 2179 1868 2243 lex.
1888 2180 1923 2243 F.
1940 2195 1972 2246 et
1988 2184 2052 2249 Bi.

420 2313 584 2374 auctores,
611 2294 839 2380 refugiendum
858 2306 941 2365 erat,
967 2313 1105 2375 quorum
1128 2303 1238 2355 tamen
1257 2289 1344 2354 haud
1362 2313 1468 2377 pauca
1485 2291 1754 2376 significationem
1773 2296 1903 2360 allatam
1920 2301 2052 2365 minime

419 2419 572 2505 probant,
599 2428 666 2479 tum
691 2411 779 2497 quod
802 2410 887 2475 falsa
909 2409 1048 2473 lectione
1067 2408 1117 2473 vel
1135 2411 1295 2494 scriptura
1312 2408 1498 2495 exemplum
1514 2411 1643 2486 nititur,
1669 2423 1737 2475 tum
1755 2415 1842 2497 quod
1860 2417 1930 2500 ipse
1948 2418 2054 2483 editor

420 2534 605 2621 exemplum
628 2532 714 2595 male
737 2528 904 2593 intellexit.
945 2524 1023 2605 Qua
1039 2526 1081 2589 de
1100 2548 1216 2589 caussa
1233 2525 1354 2589 multuo
1371 2548 1502 2612 semper
1517 2539 1638 2590 restant
1655 2552 1753 2593 voces
1770 2532 1823 2595 vel
1841 2534 2053 2618 significatio-

420 2675 494 2728 nes,
520 2629 561 2714 de
582 2650 701 2733 quibus
717 2646 764 2710 nil
781 2647 861 2709 certi
877 2643 967 2730 prius
984 2643 1050 2707 dici
1067 2654 1188 2729 potest,
1215 2664 1312 2726 quam
1329 2643 1449 2729 persici
1466 2645 1639 2729 scriptores
1656 2647 1770 2710 critica
1786 2649 1910 2713 ratione
1928 2653 2054 2716 tractati

419 2772 505 2856 typis
524 2765 682 2850 divulgati
699 2762 829 2827 suerint.

519 2882 580 2947 111.
606 2881 718 2946 Tertio
734 2879 839 2956 fonte,
866 2878 965 2941 multo
990 2890 1096 2941 tamen
1120 2876 1177 2941 illo
1201 2877 1354 2940 inferiore
1373 2898 1452 2940 usus
1468 2899 1539 2941 aum
1557 2877 1672 2942 lexicis
1689 2880 1816 2964 magnis
1832 2883 1968 2967 persicis
1986 2881 2051 2947 Ca-

420 3002 504 3066 stelli
516 2995 555 3089 9),
582 2997 748 3063 Meninelri
761 2991 799 3083 10)
828 3007 859 3059 et
876 2993 1078 3058 Richardson
1092 2989 1129 3081 ¹¹)
1159 2993 1212 3057 vel
1227 2990 1376 3059 Johnson
1390 2988 1439 3081 1ἵ).
1483 2994 1609 3060 Horum
1635 2998 1720 3061 enirn
1744 3019 1879 3083 operum
1904 2993 2056 3066 accurata

421 3117 661 3205 comparatione
685 3137 760 3179 cum
783 3112 944 3199 primariis
971 3112 1115 3176 fontibus
1139 3112 1218 3196 ipsis
1238 3111 1323 3174 facta
1340 3111 1475 3175 edoctus
1493 3133 1580 3187 sum,
1606 3114 1782 3199 permultas
1806 3116 1839 3177 in
1863 3117 1903 3179 iis
1927 3118 2053 3202 signifi·

421 3237 564 3301 cationes
587 3255 659 3297 esse
681 3230 809 3304 allatas,
836 3252 920 3314 quue
938 3231 971 3292 in
981 3228 1071 3293 ’10100
1088 3241 1120 3292 et
1137 3250 1292 3313 perversa
1308 3230 1572 3315 interpretatione
1590 3232 1730 3317 exempli
1748 3233 1893 3317 primarii
1910 3219 2056 3298 nituntur

420 3353 564 3437 indeque
580 3360 690 3436 utpote
707 3348 806 3412 101000
824 3368 953 3434 prorsus
970 3367 1042 3411 esse
1060 3346 1225 3411 delendas.
1268 3343 1445 3410 Praeterea
1460 3345 1595 3411 Castelli
1611 3347 1742 3413 lexicon
1758 3349 1889 3434 linguae
1907 3352 2054 3435 persicae

421 3470 595 3533 maximam
611 3477 737 3553 partem
753 3464 818 3529 fide
836 3486 949 3528 carere
967 3474 1099 3528 constat.
1143 3462 1255 3543 Quare
1273 3465 1307 3527 iu
1323 3465 1444 3529 utendo
1467 3464 1530 3529 hoc
1554 3464 1643 3529 fonte
1666 3466 1760 3529 tertio
1782 3465 1884 3530 literis
1908 3466 1941 3530 C.
1962 3469 2004 3530 Μ.
2023 3479 2055 3531 et

421 3666 742 3678 ..——-—---—-

523 3784 737 3852 ¹)'1'heDasdtir
760 3799 790 3834 or
807 3784 895 3834 sacred
912 3784 1026 3848 writings
1044 3784 1074 3834 01
1091 3785 1136 3833 tho
1157 3785 1260 3833 ancient
1282 3786 1382 3847 porsian
1406 3784 1540 3848 prophets3
1563 3785 1589 3835 10
1611 3785 1654 3835 the
1677 3784 1786 3847 original
1807 3794 1916 3848 tongum
1938 3786 2055 3849 together

420 3874 481 3923 with
500 3873 543 3923 the
561 3874 661 3921 ancient
679 3872 780 3935 persian
797 3872 897 3920 version
915 3871 965 3920 and
981 3878 1153 3934 commentary
1174 3869 1202 3919 01
1222 3871 1265 3919 the
1283 3871 1337 3919 fifth
1356 3869 1448 3931 8000ος
1471 3870 1593 3933 00001011]
1609 3869 1744 3934 published
1763 3869 1893 3935 hystein
1913 3870 1987 3922 Firuz
2005 3871 2055 3922 Bis

421 3958 499 4019 Kaeso,
518 3959 576 4007 who
594 3958 641 4006 has
657 3956 790 4018 sahjoined
807 3971 824 4005 a
841 3957 946 4019 copious
964 3954 1084 4020 Glossary
1103 3956 1133 4005 01
1147 3957 1191 4004 the
1209 3954 1322 4005 obsoleto
1339 3955 1389 4005 and
1407 3955 1533 4006 mchnioal
1551 3956 1651 4019 persico
1669 3963 1747 4005 terma
1762 3972 1768 4005 ε
1784 3965 1811 4005 to
1829 3957 1912 4006 which
1932 3958 1953 4006 is
1971 3957 2053 4008 added

420 4061 454 4095 au
472 4044 572 4108 english
589 4042 739 4093 translation
758 4042 787 4092 01
803 4042 846 4091 the
864 4041 970 4092 Desdth
987 4041 1037 4091 and
1055 4041 1243 4106 Commentary.
1278 4041 1309 4092 In
1326 4049 1376 4092 two
1394 4041 1514 4092 volames.
1547 4041 1667 4106 Bombay
1686 4044 1759 4103 1818,
1777 4043 1804 4092 10
1821 4052 1870 4091 0οι

509 4150 529 4216 ⁸)
546 4148 603 4197 Tho
620 4145 704 4197 Schah
723 4144 823 4195 Nameh
842 4163 848 4195 :
868 4160 901 4196 au
925 4145 1011 4195 heroic
1033 4157 1109 4211 poem
1128 4145 1278 4209 containing
1300 4146 1344 4196 the
1362 4146 1458 4210 history
1477 4145 1507 4194 01
1521 4144 1608 4195 Persis
1623 4145 1690 4196 from
1707 4144 1845 4195 Kioomurs
1863 4156 1889 4195 to
1907 4145 2054 4208 Yesdejird;

422 4239 476 4287 that
494 4237 516 4285 is
531 4234 598 4283 from
619 4232 662 4281 the
686 4231 788 4281 earliest
810 4233 885 4282 times
908 4240 935 4281 to
958 4231 1001 4281 the
1024 4241 1146 4297 conquest
1169 4231 1198 4280 01
1215 4232 1271 4281 that
1293 4234 1388 4296 empiro
1411 4232 1443 4298 by
1466 4232 1509 4282 tho
1527 4231 1617 4282 Arabs.
1652 4233 1691 4297 By
1708 4229 1786 4284 Aiool
1802 4229 1889 4282 1100100
1906 4230 2054 4292 Firdcaraet

420 4321 543 4383 careinlly
563 4317 669 4368 collatsd
687 4318 748 4367 trith
765 4333 782 4367 a
800 4317 906 4367 number
924 4317 953 4368 01
972 4318 1016 4367 the
1034 4319 1116 4368 oldest
1132 4318 1182 4368 anti
1201 4319 1255 4367 hest
1272 4320 1440 4381 manuscripts
1457 4318 1507 4368 and
1526 4317 1665 4367 illustrated
1684 4317 1750 4381 by'a
1767 4320 1871 4382 copious
1890 4317 2010 4381 Glossary
2028 4315 2058 4366 01

420 4407 535 4458 obsoleto
554 4405 636 4454 words
654 4405 704 4454 aad
724 4404 831 4453 obscure
848 4404 954 4465 idioms,
978 4405 1039 4454 with
1063 4419 1095 4453 00
1112 4405 1283 4455 introduction
1302 4404 1351 4454 aud
1369 4403 1517 4453 lileol'the
1535 4404 1786 4467 authorincnglish
1804 4404 1985 4466 antipatriam
2004 4404 2054 4453 and

421 4509 454 4545 au
472 4491 599 4556 appendix
617 4489 764 4554 containing
781 4490 824 4539 the
841 4489 1007 4553 interpolated
1026 4489 1150 4555 Episodos
1169 4501 1224 4552 etc,
1243 4490 1322 4539 found
1339 4491 1365 4539 in
1384 4490 1500 4539 different
1514 4489 1693 4553 llanuscripts.
1728 4491 1767 4554 By
1786 4489 1880 4540 Taracr
1897 4487 1996 4539 11100000
2024 4489 2053 4538 In

420 4580 478 4630 four
495 4578 615 4628 rolumes.
652 4575 769 4626 Calcutta
789 4577 863 4636 1829,
881 4576 906 4624 in
925 4583 973 4624 oct

520 4683 541 4748 ⁸)
558 4680 684 4729 Edmundi
702 4677 806 4728 Castelli
823 4677 923 4728 lexicon
940 4678 1114 4741 heptaglotton
1133 4678 1293 4740 hebraicum,
1311 4678 1481 4740 chaldaicum,
1500 4678 1639 4740 syriacum,
1657 4679 1851 4740 samaritanum,
1871 4679 2054 4742 aethiopicum,

420 4766 551 4817 arabicum
569 4766 731 4815 coniunctum
750 4771 775 4812 et
793 4764 920 4827 persicum
938 4765 1081 4829 separatim.
1116 4765 1148 4814 ln
1166 4778 1218 4827 quo
1235 4779 1323 4814 omnes
1341 4779 1415 4814 voces
1432 4773 1484 4814 tam
1502 4766 1527 4815 iu
1541 4765 1716 4828 manuscriptis
1733 4779 1809 4829 quam
1828 4766 1957 4828 impressis
1975 4764 2053 4824 libris,

421 4854 544 4916 imprimis
561 4861 645 4901 antem
663 4852 691 4900 in
709 4850 792 4899 bibliis
815 4849 970 4913 polyglottis,
993 4851 1098 4900 adiectis
1115 4851 1175 4901 hinc
1193 4851 1250 4901 iude
1266 4852 1393 4912 Armenia
1417 4850 1517 4912 Turris,
1540 4850 1618 4912 Indis,
1642 4851 1775 4915 deponitis
1793 4858 1841 4900 etc
1859 4851 1948 4900 ordine
1966 4851 2055 4913 alpha·

421 4938 504 4987 herico
522 4937 568 4988 suh
585 4936 692 5001 singulis
709 4936 836 4985 radicibus
855 4936 968 4999 digestae
985 4938 1147 4987 continentur
1164 4947 1220 4999 eta,
1241 4937 1283 4986 cui
1300 4938 1408 4987 00000011
1425 4936 1506 4987 brevis
1524 4946 1550 4987 et
1572 4937 1720 4987 harmonica
1740 4937 1921 5001 grammaticae
1939 4937 2054 4987 omnium

422 5025 566 5088 linguarum
584 5023 728 5073 delineatio.
764 5021 847 5071 Lond.
867 5022 1132 5082 166810101ωο

524 5129 554 5193 ¹⁰)
575 5125 705 5175 Francisci
729 5141 745 5176 a
768 5126 902 5191 Mosgnien
926 5127 1053 5175 Meninski
1080 5126 1181 5176 lexicon
1206 5126 1307 5175 arabico
1334 5126 1433 5189 persico
1461 5126 1584 5175 turcicum
1611 5126 1710 5175 adiecta
1732 5125 1765 5174 ad
1793 5125 1906 5190 singulas
1930 5140 2005 5175 voces
2029 5132 2054 5174 et

420 5214 526 5278 phrases
543 5213 727 5276 significatione
749 5212 829 5262 101100
851 5212 884 5262 ad
902 5212 1046 5263 usitatiores
1068 5213 1146 5262 etiam
1170 5212 1255 5261 italica
1271 5212 1343 5262 iussu
1363 5226 1422 5274 ang.
1441 5212 1609 5275 imperatricis
1633 5221 1659 5261 et
1680 5212 1784 5276 reginas
1808 5212 1962 5276 apostolicae
1986 5224 2053 5259 nunc

419 5299 538 5349 secundis
556 5299 624 5348 curta
641 5298 799 5361 recognitum
818 5306 843 5347 et
860 5307 969 5347 sumum.
1004 5298 1118 5348 Viennae
1139 5300 1212 5348 1786.
1248 5303 1265 5349 4
1282 5307 1342 5347 tom.
1361 5297 1449 5347 10101.

524 5403 555 5470 ¹¹)
572 5402 759 5464 ADictionary
778 5401 873 5464 persio,
891 5401 977 5450 arabic
994 5401 1044 5451 and
1062 5401 1175 5465 english,
1194 5400 1255 5449 with
1271 5415 1288 5449 0
1305 5400 1465 5450 dissertation
1484 5414 1518 5450 oa
1534 5400 1576 5449 the
1590 5400 1742 5464 langnagss,
1761 5400 1900 5450 litterature
1913 5400 1964 5448 and
1981 5414 2053 5450 man·

422 5503 480 5538 uera
498 5489 528 5538 01
543 5497 643 5538 eastern
661 5487 770 5548 uatiom,
788 5486 821 5550 by
838 5486 909 5536 John
928 5487 1094 5548 Richardson,
1115 5487 1213 5537 rerisod
1230 5486 1281 5535 and
1300 5486 1427 5549 improved
1446 5486 1478 5552 by
1493 5485 1598 5537 Charias
1613 5486 1729 5536 Wilkins.
1765 5491 1791 5535 Δ
1807 5500 1864 5535 new
1881 5485 1976 5535 edition
1994 5499 2055 5536 oon·

420 5574 549 5639 siderahly
567 5574 686 5638 enlarged
705 5573 737 5636 hy
752 5571 858 5622 Francis
875 5572 1002 5623 Johnson.
1038 5573 1148 5623 London
1168 5575 1233 5624 reto
1252 5573 1278 5622 in
1296 5581 1378 5636 quart

525 5675 555 5740 ¹²)
575 5675 725 5739 Dictiouary
742 5675 851 5738 persian,
870 5676 955 5725 arabic
973 5676 1022 5724 and
1041 5674 1140 5739 english
1163 5674 1196 5738 by
1213 5675 1319 5725 Francis
1337 5674 1463 5725 Johnson.
1498 5674 1636 5725 Pohlishod
1653 5673 1732 5722 undar
1748 5672 1791 5722 the
1808 5681 1948 5737 patronage
1965 5674 1996 5723 01
2011 5673 2053 5724 the

423 5762 578 5813 honourahlo
594 5761 746 5812 East-India
764 5760 904 5826 Gompany.
938 5761 1048 5812 London
1068 5763 1132 5812 1861
1154 5763 1181 5811 10
1199 5771 1281 5825 quart.
1315 5762 1361 5810 Est
1378 5774 1445 5811 nora
1462 5761 1538 5810 lexici
1555 5759 1734 5810 Richardsouii
1750 5759 1828 5809 editio
1845 5759 1919 5809 valde
1935 5768 2011 5809 sucta
2028 5767 2054 5809 et

421 5850 564 5910 emendata,
583 5862 658 5912 quam
676 5847 704 5897 F.
723 5847 841 5899 Johnson
859 5863 906 5898 suo
924 5850 1027 5898 nomine
1044 5862 1113 5897 nunc
1130 5848 1243 5912 protulit
