4534 6517
998 392 1051 458 lX

196 547 240 611 R.
268 544 321 610 vel
349 545 383 609 J.
410 555 521 609 notato
548 545 689 608 maxima
715 545 823 609 cautio
855 555 925 608 erat
956 542 1152 608 adhibenda.
1173 580 1217 592 -
1238 533 1386 607 'Accedit
1417 542 1548 606 lexicon
1583 542 1845 608 bindustanicum

198 659 433 747 Sbakespearii
447 655 485 748 ¹⁸)
505 661 816 736 aestimatissimum,
843 683 909 745 quo
931 662 1028 724 etiam
1049 682 1126 723 usus
1143 680 1215 723 sum
1234 671 1267 723 et
1282 662 1316 723 in
1334 658 1537 745 explicandis
1556 660 1691 723 vocibus
1709 660 1846 746 persicis

196 788 231 843 et
258 799 375 841 vocum
402 777 696 860 significationibus
724 778 896 840 maximam
923 789 1047 862 partem
1074 775 1309 840 recentioribus
1332 787 1364 839 et
1388 776 1423 839 in
1440 774 1639 838 illustrandis
1656 778 1845 863 synonymis

197 893 437 957 bindustauicis
455 893 688 978 interpretandi
706 915 823 956 caussa
840 914 938 977 saepe
957 892 1086 956 additis.

300 1008 338 1073 ln
357 1008 560 1093 explicandis
578 1010 871 1093 significationibus
886 1009 923 1072 id
940 1011 1082 1073 maxime
1100 1010 1164 1094 egi,
1182 1021 1216 1073 ut
1233 1031 1359 1073 summa
1374 1008 1581 1094 simplicitate
1595 1009 1844 1096 perspicuitate·

196 1147 265 1210 que
288 1123 399 1189 uterer
423 1137 454 1189 et
479 1147 577 1209 quam
602 1126 742 1188 maxime
766 1125 809 1189 ad
834 1127 974 1189 rationes
992 1125 1117 1211 logicas
1134 1126 1209 1190 illas
1225 1127 1443 1212 disponerem.
1487 1123 1600 1205 Quum
1619 1137 1727 1189 autem
1745 1146 1843 1211 syno-

196 1265 299 1330 nyma
322 1242 364 1306 ad
388 1243 454 1305 vim
480 1243 644 1327 propriam
668 1242 871 1327 singulorum
889 1242 1064 1306 verborum
1087 1243 1333 1329 percipiendam
1351 1242 1526 1329 plurimum
1545 1241 1715 1306 conserant
1732 1254 1764 1306 et
1781 1242 1844 1305 lin·

198 1381 339 1446 guarum
357 1357 501 1421 studium
519 1359 626 1444 ipsum
645 1357 816 1434 adiuvent,
843 1380 943 1441 quum
962 1358 1102 1442 ubique,
1127 1371 1196 1422 tum
1213 1359 1373 1445 imprimis
1397 1361 1429 1422 in
1448 1360 1585 1423 vocibus
1603 1357 1845 1422 difficilioribus

197 1497 265 1539 non
282 1474 385 1539 solum
403 1476 542 1560 persica,
568 1474 627 1538 sed
645 1476 743 1538 etiam
761 1497 802 1538 ex
821 1473 893 1539 aliis
911 1473 1032 1559 linguis
1050 1476 1250 1560 potissimum
1269 1498 1311 1539 ex
1330 1477 1462 1540 arabica
1485 1476 1527 1539 ad
1546 1474 1844 1561 interpretationem

199 1592 301 1680 petita
325 1613 506 1679 synonyma
532 1614 574 1654 ex
600 1592 763 1676 primariis
789 1590 932 1655 lontibus
960 1593 1097 1677 apposui
1124 1603 1173 1668 et,
1199 1594 1388 1676 ubicunque
1412 1595 1632 1657 necessarium
1659 1591 1842 1665 videbatur,

198 1712 360 1795 integram
386 1709 684 1794 interpretationem
710 1707 752 1770 ad
779 1708 1034 1792 significationes
1060 1708 1174 1772 allatas
1201 1708 1316 1772 melius
1342 1708 1570 1794 intelligendas
1589 1707 1642 1771 vel
1660 1707 1844 1794 probandas

200 1850 242 1891 ex
259 1825 404 1890 fontibus
421 1825 502 1909 ipsis
520 1823 562 1887 ad
581 1825 716 1887 verbum
734 1824 858 1888 addidi.
901 1821 940 1886 In
958 1825 1188 1911 comparandis
1206 1826 1394 1912 synonymis
1412 1826 1568 1898 arabicis,
1595 1846 1792 1909 quamquam
1810 1824 1844 1886 in

199 1943 314 2007 lexicis
333 1941 369 2003 Ε
388 1943 431 2005 Β.
450 1950 482 2003 et
498 1940 562 2004 Bt.
582 1943 731 2025 persicae
749 1963 847 2005 voces
866 1942 1056 2026 saepissime
1074 1943 1224 2017 arabicis,
1250 1964 1335 2026 quae
1352 1942 1417 2006 illis
1434 1943 1640 2028 respondent,
1664 1939 1843 2005 illustratae

196 2063 277 2132 sint,
304 2069 413 2121 tamen
430 2057 527 2120 etiam
545 2054 807 2121 Samachscharii
825 2078 925 2141 opere
939 2051 977 2145 ¹⁴)
1002 2057 1092 2122 haud
1109 2079 1183 2122 raro
1202 2058 1332 2122 adiutus
1349 2080 1431 2122 sum.

298 2171 475 2238 Praeterea
500 2173 659 2259 imprimis
686 2172 767 2236 illud
792 2175 954 2257 spectavi,
980 2185 1015 2239 ut
1038 2187 1162 2238 rectam
1184 2177 1382 2239 notationem
1406 2176 1704 2260 pronuntiationum
1726 2195 1844 2237 vocum

199 2293 417 2379 persicarum,
443 2301 611 2376 tantopere
637 2289 743 2353 adhuc
770 2288 970 2374 neglectam,
997 2290 1168 2367 adderem,
1201 2313 1302 2375 quum
1327 2313 1394 2355 non
1419 2292 1523 2356 solum
1549 2291 1843 2378 pronuntiationem

201 2408 386 2483 verborum,
414 2406 608 2470 insontibus
626 2407 706 2491 ipsis
722 2408 836 2479 nisam,
861 2407 984 2491 ubique
1003 2407 1172 2473 vocalibus
1189 2420 1341 2471 accurate
1359 2419 1515 2483 notarem,
1541 2407 1716 2471 sedetiam
1734 2404 1841 2492 dupli-

199 2547 273 2589 cem
289 2523 460 2588 lectionem
477 2522 644 2586 literarum
656 2561 676 2608 9
695 2534 727 2586 et
743 2553 782 2610 ff
799 2532 835 2585 ut
851 2535 958 2586 notam
977 2522 1045 2611 (1.5,
1047 2525 1114 2625 μ)
1133 2533 1167 2588 et
1183 2528 1322 2608 iqnotom
1341 2517 1479 2616 (ὁρ),
1497 2527 1621 2609 primus
1639 2526 1672 2586 in
1690 2523 1842 2586 thesauro

200 2662 274 2705 mec
291 2641 465 2725 diligenter
481 2640 695 2715 distinxerim,
713 2663 754 2703 ea
771 2639 903 2723 quidem
921 2643 1055 2713 ratione,
1072 2653 1108 2705 ut
1124 2640 1235 2706 literas
1245 2680 1266 2727 2
1284 2652 1316 2705 st
1332 2672 1370 2729 ὁ
1388 2645 1512 2724 mactas
1529 2639 1561 2728 [d
1578 2651 1611 2703 et
1627 2638 1655 2728 ὃ]
1674 2636 1843 2703 vocalibus

197 2779 329 2841 semper
345 2769 508 2831 notarem,
534 2754 701 2819 literarum
712 2794 732 2842 9
752 2768 784 2820 et
799 2785 837 2845 ff
854 2768 1003 2820 notorum
1027 2758 1197 2822 vocalibus
1214 2758 1337 2841 ubique
1353 2758 1497 2831 omissis,
1520 2778 1618 2841 quam
1635 2769 1743 2822 nmen
1761 2760 1842 2821 scri-

200 2873 299 2939 bendi
317 2873 475 2954 rationem
493 2874 526 2935 in
545 2873 680 2936 vocibus
697 2872 1046 2959 simplicibus,semper
1064 2873 1185 2938 addere
1201 2874 1296 2938 nobis
1314 2873 1447 2959 placuit,
1472 2897 1539 2938 ncn
1560 2895 1638 2938 vcro
1656 2874 1689 2938 in
1707 2896 1841 2959 compo·

197 2993 280 3067 sitis,
306 3013 444 3075 quarum
463 2990 560 3054 lectio
578 3012 620 3053 ex
637 2988 839 3075 simplicibus
858 2990 1085 3074 cognoscenda
1102 3004 1161 3053 est.

299 3105 414 3191 Neque
433 3106 583 3191 neglecta
601 3117 649 3169 est
666 3107 862 3170 constructio
876 3107 1050 3170 verborum
1069 3128 1142 3169 cum
1161 3105 1456 3191 praepositionibus
1470 3127 1649 3190 eorumque
1663 3108 1755 3170 varia
1767 3128 1843 3171 cum

197 3225 241 3288 iis
259 3225 467 3310 compositio,
495 3245 560 3307 qna
576 3224 611 3286 in
627 3245 663 3285 re
680 3222 871 3308 scriptorum
889 3223 1092 3309 persicorum
1109 3223 1200 3287 fonte
1217 3221 1358 3285 maxime
1376 3244 1454 3286 usus
1472 3245 1555 3285 sum.

299 3339 401 3420 Quod
419 3340 549 3404 lexicon
567 3362 673 3402 meum
692 3338 945 3426 etymologicum
962 3339 1128 3422 inscripsi,
1156 3337 1238 3401 haec
1255 3340 1368 3423 paucis
1386 3337 1583 3423 exponenda
1600 3338 1760 3403 videntur.
1804 3339 1843 3404 In

199 3458 364 3545 plerisque
389 3457 506 3520 lexicis
538 3457 673 3542 persicis
700 3476 798 3518 voces
830 3453 944 3519 ordine
971 3454 1176 3540 alphabetico
1204 3454 1350 3539 digestae
1377 3465 1467 3529 sunt3
1502 3476 1564 3538 ego
1590 3477 1670 3519 vero
1695 3455 1843 3521 ordinem

200 3575 454 3663 etymologicum
479 3575 515 3636 in
540 3572 699 3656 glossario
725 3569 1007 3636 Chrestomathiae
1032 3564 1315 3636 Sdhalrnamianae
1335 3564 1372 3658 15)
1399 3571 1524 3656 primus
1550 3571 1675 3635 induxi.
1726 3569 1843 3656 Neque

195 3704 307 3758 tamen
324 3712 399 3753 eum
416 3692 452 3754 in
469 3689 565 3775 pleno
582 3688 691 3752 lexico
710 3688 837 3773 persico
854 3698 956 3751 totum
974 3688 1127 3774 persequi
1147 3687 1240 3764 licet,
1266 3690 1383 3772 partim
1408 3686 1497 3770 quod
1520 3687 1680 3753 derivatio
1704 3712 1842 3774 magnae

199 3808 302 3895 partis
320 3830 436 3872 vocum
456 3806 656 3891 persicarum
675 3805 728 3867 vel
744 3804 888 3868 nondum
907 3806 1037 3889 cognita
1054 3815 1112 3878 est,
1138 3804 1191 3867 vel
1209 3816 1296 3868 certe
1313 3805 1453 3881 incerta,
1479 3807 1596 3890 partim
1614 3807 1728 3880 etiarn,
1755 3805 1843 3887 quod

198 3922 363 3989 eiusmodi
387 3922 502 3987 ordine
527 3919 744 4008 etymologico
770 3942 830 4005 per
847 3942 958 3983 omnes
976 3931 1084 4006 partes
1102 3932 1231 3985 servato
1248 3921 1394 4005 singulas
1411 3942 1510 3985 voces
1527 3942 1586 3986 suo
1605 3921 1677 3986 loco
1695 3924 1842 3988 invenire

198 4040 397 4127 perdifficile
423 4049 472 4101 est
494 4059 711 4123 magnamque
736 4060 777 4100 ea
798 4058 851 4100 res
874 4039 1042 4101 scientiam
1060 4037 1194 4122 linguae
1212 4038 1315 4121 ipsius
1332 4038 1483 4124 postulat.
1526 4036 1737 4125 Quapropter
1753 4037 1841 4103 ordi·

196 4179 275 4221 nem
292 4156 424 4241 quidem
443 4155 682 4241 alphabeticum
700 4153 835 4228 retinui,
862 4153 936 4229 scd,
962 4166 997 4216 ut
1014 4155 1110 4218 simul
1128 4154 1272 4217 studium
1290 4154 1542 4240 etymologicum
1560 4156 1724 4231 iurarem,

254 4273 289 4360 1)
309 4274 410 4337 verba
427 4271 588 4357 simplicia
606 4270 770 4356 primitiva
786 4271 873 4357 typis
897 4272 1077 4334 maioribus
1094 4269 1289 4334 excudenda
1308 4272 1422 4333 curavi
1442 4283 1474 4333 et
1491 4271 1593 4334 verba
1610 4294 1684 4334 cum
1701 4293 1841 4358 praepo-

307 4388 479 4452 sitionibus
497 4388 678 4472 composita
694 4385 888 4472 plerumque
906 4384 1047 4472 simplici
1066 4387 1167 4449 verbo
1184 4387 1355 4459 subiunxi,

253 4505 289 4592 2)
308 4505 520 4590 imperativcs
544 4517 575 4567 ct
599 4504 771 4587 participia
793 4502 846 4564 vel
863 4502 973 4565 verbis
990 4503 1088 4587 ipsis,
1114 4502 1157 4566 ad
1175 4523 1259 4585 qnae
1276 4505 1454 4588 pertinent,
1482 4501 1610 4578 addidi,
1637 4503 1706 4577 vel,
1733 4504 1790 4567 ubi
1808 4504 1843 4567 id

307 4622 379 4684 fieri
395 4643 460 4685 non
478 4619 579 4694 licuit,
605 4620 638 4682 iu
657 4618 831 4682 afferendis
848 4619 888 4681 iis
907 4619 1028 4701 ubique
1053 4619 1093 4682 ad
1111 4618 1239 4682 radices
1257 4620 1349 4682 verbi
1365 4618 1504 4682 lectores
1522 4618 1691 4703 ablegari,

251 4737 289 4824 3)
309 4759 427 4801 vocum
445 4737 678 4799 derivationem
696 4736 789 4797 uncis
806 4734 951 4797 indicavi
969 4753 1000 4797 et

251 4854 290 4939 4)
308 4853 399 4916 iniis
419 4852 570 4925 vocibus,
597 4873 733 4933 quarum
752 4850 911 4914 derivatio
929 4872 993 4914 non
1017 4872 1151 4937 prorsus
1175 4866 1264 4914 certa
1287 4866 1352 4926 est,
1380 4873 1464 4934 quae
1488 4852 1567 4914 mibi
1592 4852 1663 4914 visa
1684 4865 1731 4915 cst
1749 4855 1841 4937 origo

309 4991 420 5032 earum
438 4990 510 5031 esse
528 4968 729 5052 significavi;
756 4966 898 5049 denique

252 5085 289 5170 5)
309 5085 400 5148 vocis
418 5088 616 5170 compositae
635 5085 779 5147 membra
796 5086 969 5168 separatim
988 5085 1120 5168 scripsi,
1147 5097 1181 5145 ut
1199 5082 1287 5146 illius
1305 5085 1397 5168 origo
1414 5084 1519 5167 magis
1540 5096 1659 5168 pateat.

304 5385 336 5450 ¹⁸)
352 5384 502 5445 Dictionary
520 5381 746 5432 uindicantem
763 5381 880 5446 English.
914 5383 953 5447 By
970 5381 1041 5432 John
1060 5380 1229 5444 Shakespesr.
1265 5380 1373 5431 Loudon
1394 5384 1459 5431 1817
1478 5385 1503 5431 in
1522 5392 1604 5445 quart.

305 5478 335 5544 Ι1)
353 5475 558 5525 Semachscbsrii
581 5475 681 5525 lexicon
708 5475 838 5524 arabicum
861 5477 987 5540 persicum
1010 5489 1043 5523 ex
1070 5474 1200 5523 codicibus
1221 5474 1399 5538 manuscriptis
1423 5473 1612 5538 lipsiensibus,
1640 5471 1840 5534 Oxonisnsibus,

197 5561 397 5614 vindobonensi
422 5572 447 5609 et
470 5560 629 5610 Berolinsnsi
649 5561 727 5610 edidit
748 5561 843 5610 indices
867 5560 997 5610 arabicam
1020 5568 1046 5610 et
1068 5560 1195 5621 persicum
1218 5559 1312 5608 adiecit
1334 5560 1360 5609 J.
1379 5559 1411 5609 G.
1429 5560 1572 5610 Wctastein.
1607 5557 1709 5621 Lipsiae
1735 5562 1800 5611 1844
1818 5571 1843 5609 et

200 5649 270 5699 1850
288 5650 314 5697 in
332 5656 415 5710 quart

306 5741 336 5806 1θ)
353 5737 559 5789 Chrestomathia
577 5736 783 5787 Schahnamiana
803 5738 828 5787 in
846 5751 920 5785 nsum
938 5737 1083 5786 scholarum
1100 5739 1179 5788 edidit
1193 5738 1401 5788 annomticnibus
1414 5747 1439 5786 et
1451 5736 1575 5800 glossario
1590 5738 1711 5801 locupleti
1725 5738 1843 5787 instruxit

197 5827 221 5876 l.
240 5826 271 5874 Δ.
290 5824 398 5874 Vellera
433 5825 539 5873 Bonnae
560 5826 624 5874 1833
644 5823 669 5871 iu
688 5833 737 5871 oct.
1525 5897 1542 5928 θ
