4534 6517
1171 381 1221 447 Vl

371 562 448 605 rum
475 540 642 622 utriusque
667 537 800 621 linguas
826 536 921 599 simul
948 533 1202 620 comprehendat
1226 556 1361 599 necesse
1390 546 1448 598 est
1500 529 1568 597 Sed
1594 530 1682 617 quod
1704 532 1831 616 integra
1855 531 2019 619 plenaque

378 657 486 722 lexica
503 656 634 720 arabica
651 664 794 727 exstant,
820 674 1099 737 supervacaneum
1117 665 1181 729 est,
1207 663 1309 716 totum
1326 651 1516 716 thesaurum
1539 649 1672 736 linguae
1693 650 1845 714 arabicae
1861 651 1895 713 in
1912 650 2017 736 persi·

379 797 454 839 cum
472 774 618 859 recipere
636 781 668 835 st
685 771 726 834 ad
744 769 881 855 pretium
900 770 970 832 eius
988 769 1173 854 augendum
1188 769 1284 833 simul
1298 769 1457 833 conferre.
1496 766 1610 847 Quare
1624 767 1769 854 persicas
1782 776 1905 831 tautmn
1919 789 2019 832 voces

379 894 412 955 iu
438 891 626 955 thesaurum
653 911 759 953 meum
785 888 917 972 linguae
941 886 1088 971 persicae
1111 887 1317 973 recipiendas
1340 886 1469 973 putavi,
1496 886 1699 950 arabicarum
1718 905 1795 948 vero
1812 907 1868 949 eas
1885 896 2019 957 tantum,

380 1030 466 1092 quae
492 1011 525 1071 in
550 1008 686 1093 persicis
712 1004 923 1091 scriptoribus
949 1003 1014 1067 alia
1036 1005 1291 1089 significatione,
1318 1002 1484 1068 Arabibus
1503 1004 1630 1087 ignota,
1656 1014 1832 1089 usurpatae
1849 1014 1941 1077 sunt,
1968 1000 2019 1065 vel

378 1125 563 1190 formandis
580 1123 764 1187 nominibus
782 1122 968 1207 compositis
985 1122 1037 1185 vel
1054 1122 1251 1187 dictionibus
1268 1123 1457 1186 inserviunt.

485 1256 568 1323 Sunt
585 1271 692 1322 autem
711 1257 833 1332 fontes,
861 1258 979 1339 quibus
996 1278 1074 1320 usus
1091 1278 1179 1329 sum,
1205 1257 1238 1320 hi
1257 1280 1266 1319 t

417 1392 442 1456 1.
469 1393 599 1457 Lexica
615 1392 737 1476 optima
754 1391 795 1454 ab
813 1391 892 1476 ipsis
909 1387 1019 1454 Persis
1036 1389 1167 1477 scripta,

406 1524 448 1590 ll.
476 1523 657 1612 Scriptores
674 1525 803 1611 persici,

330 1740 333 1745 Ι
389 1657 449 1724 ΙΙΙ.
474 1660 602 1724 Lexiea
619 1660 746 1744 persica
764 1682 784 1722 a
803 1659 879 1722 viris
897 1657 999 1722 doctis
1016 1651 1198 1742 Europaeis
1216 1656 1402 1742 composita

489 1792 516 1856 Ι.
545 1793 595 1858 Ac
622 1795 760 1878 primum
787 1791 918 1875 quidem
945 1812 1142 1874 quamquam
1168 1789 1275 1854 lexica
1299 1813 1318 1852 a
1339 1787 1450 1854 Persis
1473 1791 1594 1876 scripta
1611 1790 1711 1854 multa
1733 1784 1859 1878 eunti),
1885 1803 2024 1875 quatuor

389 1921 498 1975 tamen
524 1921 646 1975 tantum
672 1921 762 1981 sunt,
788 1932 873 1994 quae
897 1928 956 2005 pro
974 1909 1102 1993 optimis
1119 1908 1379 1993 plenissimisque
1400 1907 1514 1971 haberi
1530 1929 1626 1994 posse
1643 1908 1815 1973 videantur
1832 1932 1840 1971 ι
1863 1909 1897 1996 1)
1915 1902 2023 2003 &953

389 2037 534 2127 (5)).ιῆ
562 2022 814 2131 2)έοὶἳόὣρ
842 2027 879 2112 3)
898 2025 1125 2122 Ajsscfflot
1151 2023 1188 2110 4)
1207 2030 1397 2126 „affl
1415 2022 1615 2089 etaiam.

490 2161 524 2248 1)
544 2158 644 2239 Quod
662 2183 691 2224 a.
710 2162 801 2224 1742
822 2157 1103 2244 Constantinopoli
1119 2159 1248 2224 duobus
1265 2158 1483 2223 voluminibus
1500 2158 1571 2223 For
1586 2159 1705 2244 prodiit
1721 2159 1924 2245 praeclarum
1943 2180 2024 2245 opus

383 2278 716 2366 persico-turcicum,
741 2285 868 2376 &22³³
884 2271 991 2371 ἄψ
1008 2278 1198 2362 inscriptum
1216 2287 1249 2340 et
1266 2299 1286 2340 a
1301 2275 1395 2340 uobis
1412 2276 1459 2341 lit
1478 2277 1514 2340 F.
1532 2277 1767 2362 significatum,
1793 2278 1909 2361 inquo
1927 2275 2023 2340 simul

383 2417 499 2460 omnes
525 2396 595 2460 fere
621 2416 719 2460 voces
745 2394 892 2481 persicae
918 2394 999 2458 locis
1019 2394 1213 2479 optimorum
1231 2394 1432 2479 persicorum
1451 2404 1619 2479 poetarum
1637 2404 1765 2458 notatae
1783 2405 1873 2470 sunt,
1898 2395 1933 2457 in
1950 2393 2021 2457 edi-

381 2514 470 2578 iione
492 2512 637 2577 secunda
652 2511 752 2576 lexiei
765 2511 963 2576 Meninskici
980 2535 1010 2575 a.
1028 2515 1070 2575 li
1075 2512 1121 2574 80
1136 2514 1297 2595 integrum
1314 2510 1493 2574 adhibitum
1507 2533 1579 2576 esse
1593 2511 1672 2575 dicit
1688 2511 1785 2576 huius
1801 2509 1901 2575 lexici
1918 2511 2024 2575 editor

382 2628 421 2693 B.
439 2629 481 2693 de
497 2625 645 2694 denuch.
685 2627 943 2693 Accuratissitna
960 2638 1069 2692 autem
1087 2627 1225 2692 sontium
1250 2629 1359 2713 operis
1385 2625 1584 2692 Meuinskiei
1610 2629 1850 2714 comparatione
1876 2629 2024 2693 instituta

384 2750 462 2811 satis
490 2757 696 2832 perspectum
723 2745 898 2821 habemus,
925 2757 980 2809 aut
1002 2744 1119 2808 multas
1138 2767 1235 2809 voces
1252 2754 1284 2808 et
1301 2745 1556 2830 significationes
1581 2744 1676 2832 plane
1700 2766 1772 2809 esse
1789 2746 1941 2820 omissas,
1967 2755 2023 2809 aut

383 2862 484 2928 lexiei
504 2864 540 2927 F.
559 2864 683 2927 auctori
700 2862 815 2938 tribui,
841 2885 927 2947 quae
952 2885 994 2926 ex
1012 2859 1148 2926 Castalii
1173 2860 1281 2926 lexico
1307 2862 1360 2925 vel
1384 2862 1515 2926 aliunde
1542 2863 1661 2947 petitae
1679 2873 1762 2926 sunt
1805 2859 1919 2940 Quare
1937 2860 2023 2926 huuc

382 2981 508 3044 iontem
531 2979 639 3043 denuo
662 2979 891 3065 perlustratum
909 3004 973 3044 una
991 3002 1065 3045 cum
1083 2978 1306 3064 exemplorum
1324 2978 1452 3043 delectu
1469 2980 1503 3043 in
1520 2979 1651 3045 lexicon
1667 2990 1810 3043 nostrum
1827 2978 2022 3064 recepimus,

386 3118 452 3181 quo
471 3098 504 3159 in
523 3095 635 3160 labore
653 3095 882 3161 adiuvantibus
901 3097 972 3160 aliis
988 3096 1103 3161 lexicis
1120 3097 1247 3184 persice
1264 3098 1393 3182 seriptis
1411 3096 1497 3161 haud
1515 3119 1637 3182 paucas
1654 3095 1754 3161 falsas
1770 3096 2024 3181 significationes

383 3212 484 3278 lexici
505 3212 550 3288 F.
577 3234 661 3296 quas
678 3214 852 3278 maximam
876 3226 999 3301 partem
1024 3215 1193 3279 vocabulis
1216 3214 1300 3278 falso
1317 3213 1409 3280 lectis
1426 3215 1588 3293 nituntur,
1614 3214 1802 3300 corrigendi
1818 3216 1912 3300 copia
1928 3213 2023 3278 nobis

384 3330 461 3395 data
479 3341 530 3394 est
546 3329 729 3413 malamque
745 3331 842 3394 simul
860 3332 1032 3396 multarum
1050 3355 1166 3397 vocum
1192 3332 1363 3396 lectionem
1381 3303 1588 3396 emendandi.
1639 3329 1746 3396 Valde
1772 3341 1880 3395 autem
1907 3329 2020 3393 dolen-

383 3447 462 3511 dum
489 3458 554 3520 est,
579 3446 668 3530 quod
692 3446 792 3511 lexioi
817 3446 854 3511 F.
872 3447 1054 3534 exemplar,
1081 3470 1145 3533 quo
1168 3471 1247 3513 usus
1270 3472 1358 3525 sum,
1385 3449 1603 3515 bibliothecae
1620 3446 1821 3513 Academiae
1838 3447 2021 3512 Bonnensis

385 3565 573 3651 proprium,
599 3563 792 3649 paginarum
818 3564 950 3648 quidem
976 3565 1089 3629 ordine
1114 3579 1243 3630 servato
1261 3565 1371 3630 multis
1387 3577 1496 3630 tamen
1513 3565 1600 3631 foliis
1617 3577 1722 3643 caret,
1748 3588 1833 3650 quae
1860 3564 1932 3629 aliis
1958 3564 2023 3627 alio

386 3682 459 3745 loco
486 3684 603 3746 iterum
626 3681 762 3766 repertis
783 3680 843 3744 sed
860 3684 989 3746 mutatis
1013 3681 1219 3768 plagularnm
1235 3685 1378 3747 numeris
1395 3685 1627 3748 reconcinnata
1642 3695 1733 3760 sunt,
1759 3705 1844 3766 quae
1869 3704 1922 3745 res
1948 3680 2023 3745 dolo

385 3809 420 3862 et
444 3798 555 3862 fraudi
579 3797 778 3884 bibliopolae
805 3799 975 3863 cuiusdam
1000 3799 1173 3863 tribuenda
1198 3799 1335 3865 videtur.
1387 3799 1486 3864 Tales
1511 3800 1576 3866 looi
1602 3824 1621 3864 e
1645 3801 1753 3865 lexico
1775 3798 1953 3864 Meninskii
1981 3797 2023 3861 ad

386 3914 484 3979 fidem
504 3915 658 4000 descripti
674 3926 750 3979 nota
766 3917 813 3979 Μ.
830 3939 868 3980 er
887 3916 923 3981 F.
941 3918 1095 4001 cognosci
1113 3929 1256 4003 possunt

489 4048 526 4134 2)
543 4047 691 4112 Lexieon
710 4049 872 4133 persicum
891 4073 920 4112 a.
939 4051 1030 4115 1818
1046 4047 1215 4115 Calcuttae
1233 4048 1325 4115 a'l'h.
1339 4049 1499 4115 Roebuck
1512 4051 1633 4115 editum
1647 4052 1788 4116 auctoris
1800 4074 1917 4147 om>
1934 4050 2021 4114 tas-5⁴

386 4161 528 4265 4553,le
545 4165 639 4234 ..ub
656 4165 729 4261 Uti,
755 4165 945 4252 inscriptum
963 4163 1034 4270 ebs
1049 4169 1142 4264 olaf,
1159 4169 1181 4231 i.
1199 4190 1228 4231 e.
1245 4169 1391 4252 probatu>
1407 4170 1532 4232 evidens
1543 4162 1581 4256 ⁸),
1608 4168 1694 4253 quod
1712 4167 2021 4255 praestantissimum

387 4302 460 4344 esse
477 4303 590 4345 omnes
607 4281 669 4344 viri
686 4284 814 4366 persice
831 4282 919 4347 docti
936 4284 1148 4359 consentiunt,
1175 4285 1245 4348 sine
1262 4283 1363 4349 dubio
1380 4287 1537 4371 optimum
1556 4296 1587 4350 et
1604 4285 1826 4372 plenissimum
1844 4295 1908 4360 est,
1934 4281 2022 4366 quod

491 4616 512 4682 ‘)
530 4615 610 4666 Index
627 4618 817 4669 notissimorum
833 4619 976 4669 lexicorom
992 4634 1009 4669 a
1026 4620 1110 4670 Persis
1126 4621 1279 4685 scriptorum
1297 4630 1381 4672 exstat
1397 4623 1424 4671 in
1441 4622 1600 4686 praefatione
1617 4625 1692 4675 lexiei
1712 4605 1801 4713 &lvi-'t'
1817 4609 1930 4708 OQ
1954 4631 1979 4673 et
1997 4623 2022 4671 iu

391 4701 536 4750 Annalibus
554 4700 793 4754 vindobonensibus
811 4705 941 4755 literarum
959 4720 983 4755 a.
1003 4708 1068 4757 ists
1085 4714 1103 4756 t
1124 4710 1172 4758 lto
1188 4721 1231 4772 pg.
1251 4712 1298 4758 142
1317 4723 1372 4773 sqq.

494 4806 514 4869 ⁸)
532 4804 661 4856 Boorhani
678 4805 770 4869 Qatiu,
792 4823 809 4857 s
826 4808 966 4872 dictionary
984 4808 1014 4858 oi
1028 4810 1071 4858 the
1089 4811 1191 4873 persisti
1208 4811 1336 4875 language
1355 4813 1489 4876 explained
1509 4814 1536 4862 in
1554 4815 1670 4877 persiam
1687 4813 1882 4879 alphabetieslly
1899 4813 2024 4879 arranged

390 4890 532 4954 according
549 4899 576 4940 to
593 4891 637 4941 the
655 4899 748 4957 system
767 4893 796 4942 oi
811 4891 947 4958 European
965 4895 1079 4944 lexicons
1098 4913 1105 4945 ι
1123 4894 1285 4962 Comprisiug
1301 4897 1345 4947 the
1363 4897 1445 4947 whole
1463 4900 1492 4948 oi
1507 4899 1550 4949 the
1568 4900 1663 4961 words,
1690 4901 1794 4964 phrases
1813 4900 1862 4950 and
1880 4901 2026 4965 metaphora

390 4976 419 5025 iu
435 4978 479 5025 the
497 4974 626 5044 ΒΜ
642 4975 817 5045 laiospmee,
843 4981 886 5030 the
904 4979 1039 5044 limosi
1059 4981 1138 5034 Fron
1155 4982 1185 5032 ol
1200 4983 1342 5046 Somnos,
1363 4985 1407 5034 the
1423 4984 1540 5037 &m
1556 4985 1727 5037 δοοὶιιαιιαιιω
1748 4987 1799 5035 and
1821 4986 1865 5037 the
1886 4986 1970 5038 SM
1987 4987 2028 5040 ool

393 5058 494 5128 ilduyni,
514 5062 628 5127 together
645 5064 705 5112 with
723 5078 799 5129 many
817 5066 898 5116 words
916 5066 965 5116 and
983 5075 1061 5116 terma
1082 5068 1149 5118 from
1166 5069 1210 5119 the
1227 5069 1369 5131 Pohlnvee,
1391 5070 1489 5131 Durae,
1508 5071 1598 5121 Zhnnd
1617 5087 1633 5121 ο
1650 5072 1784 5134 Pashnnd,
1807 5071 1905 5134 Greek,
1928 5073 2025 5138 Syriae,

391 5146 495 5206 Arabio,
514 5147 624 5199 Turlrish
642 5149 692 5199 aud
710 5150 782 5200 other
799 5152 947 5215 langnages,
967 5151 1028 5201 with
1046 5167 1062 5202 a
1079 5153 1151 5203 short
1168 5170 1296 5218 grammar
1314 5156 1424 5220 prefixed
1442 5156 1474 5219 by
1488 5155 1657 5209 Moolsammad
1674 5156 1787 5211 Hoosaes
1804 5157 1859 5210 loni
1875 5157 1974 5224 Khalas
1986 5168 2024 5210 ost

394 5230 537 5295 Tahreesee,
560 5233 694 5299 poeticslly
719 5235 800 5299 styled
824 5234 952 5296 Bombos,
977 5245 1004 5287 to
1028 5238 1111 5288 which
1136 5242 1158 5289 is
1179 5241 1260 5290 added
1283 5256 1316 5292 au
1340 5242 1467 5306 appendix
1484 5260 1491 5292 t
1511 5242 1652 5308 consisting
1669 5245 1699 5294 oi
1719 5246 1761 5296 the
1780 5245 1917 5312 sosoma
1938 5245 1968 5294 oi
1983 5246 2025 5295 the

391 5316 525 5369 Boorhani
539 5317 626 5380 Qstiu,
644 5320 689 5370 the
701 5320 823 5374 libatiam
839 5337 869 5373 or
880 5324 1018 5387 appendix
1036 5333 1062 5375 to
1080 5325 1123 5374 the
1140 5324 1272 5390 Furhuugi
1288 5327 1475 5391 lahangeetce3
1493 5330 1611 5393 together
1628 5329 1689 5379 with
1706 5346 1723 5380 a
1739 5332 1873 5382 censetor
1891 5332 1920 5381 ot
1935 5333 2027 5392 words,

392 5405 512 5467 phrases,
536 5405 681 5469 metaphora
698 5408 748 5456 aud
765 5422 859 5473 proper
876 5424 977 5471 names,
1001 5411 1131 5461 extracted
1153 5411 1218 5461 irotn
1235 5412 1279 5463 tho
1296 5411 1393 5464 Baliari
1413 5411 1485 5478 iljtert
1502 5416 1552 5464 aud
1570 5416 1670 5466 various
1689 5417 1763 5467 other
1779 5416 1935 5468 authorities.
1970 5417 2027 5467 The

393 5487 476 5537 whole
495 5492 628 5554 arranged,
646 5492 768 5557 carelully
786 5496 924 5557 corrected,
943 5497 1041 5545 revised
1059 5512 1092 5546 an
1109 5497 1153 5548 the
1170 5507 1225 5547 test
1242 5499 1411 5564 occasionally
1428 5499 1569 5550 illustrated
1585 5502 1646 5551 with
1664 5503 1763 5565 persiau
1780 5511 1853 5552 notes
1871 5502 1903 5565 by
1924 5501 2026 5554 riam

393 5572 514 5626 liceharh.
558 5575 674 5627 Calcutts
694 5581 766 5630 1818.
807 5579 838 5630 lu
862 5581 910 5630 dne
932 5583 1021 5632 tertias
1046 5583 1164 5633 editionis
1185 5585 1277 5648 legitur
1296 5602 1302 5634 t
1322 5585 1399 5637 „with
1417 5587 1544 5637 additions
1561 5587 1610 5636 aud
1627 5589 1790 5638 corrections.
1825 5587 1905 5638 Third
1922 5589 2027 5638 edition.

394 5659 434 5724 By
453 5660 560 5712 Huleem
577 5663 686 5715 licuisse
702 5661 795 5718 sidau
811 5667 934 5732 disiecti-⁸
970 5665 1087 5718 cucata
1106 5671 1180 5719 1834.
1198 5680 1279 5734 quart
1297 5685 1365 5721 max.
1402 5670 1442 5721 De
1460 5673 1562 5737 egregio
1581 5673 1630 5723 hoe
1648 5687 1723 5738 opere
1742 5673 1842 5737 legatur
1859 5676 1938 5738 ipsius
1956 5689 2029 5738 pras·

393 5746 457 5796 satio
476 5758 502 5798 et
521 5749 632 5798 Annaies
650 5750 880 5803 Vindobonuenses
901 5753 1031 5804 literarum
1048 5769 1072 5803 s.
1092 5757 1159 5805 1849
1177 5764 1194 5805 t
1215 5759 1263 5807 lto
1280 5770 1322 5821 pg.
1342 5762 1389 5808 iss
1408 5771 1464 5823 sqq.
1482 5785 1516 5796 —
1534 5759 1575 5809 De
1592 5760 1687 5809 tercies
1711 5759 1826 5809 eiusdem
1849 5760 1933 5824 operis
1951 5761 2028 5809 inter·

394 5835 536 5896 pretatione
554 5834 580 5884 in
597 5834 692 5885 Turris
709 5839 820 5887 maxime
839 5839 931 5888 ιιιίιιιι
948 5838 1092 5889 conteratur
1110 5840 1220 5904 hllgem.
1238 5841 1469 5909 Literatorseitung
1486 5859 1510 5895 s.
1533 5848 1595 5896 1821
1616 5861 1658 5910 pg.
1676 5848 1830 5897 sos-811.
